@misc{Implemen58:online,
author = {},
title = {Implementing Support Vector Machine From Scratch | by Marvin Lanhenke | Towards Data Science},
howpublished = {\url{https://towardsdatascience.com/implementing-svm-from-scratch-784e4ad0bc6a}},
month = {},
year = {},
note = {(Accessed on 10/12/2023)}
}

@misc{AnIntrod23:online,
author = {},
title = {An Introduction to Statistical Learning},
howpublished = {\url{https://www.statlearning.com/}},
month = {},
year = {},
note = {(Accessed on 10/12/2023)}
}

@misc{Elements85:online,
author = {},
title = {Elements of Statistical Learning: data mining, inference, and prediction. 2nd Edition.},
howpublished = {\url{https://hastie.su.domains/ElemStatLearn/}},
month = {},
year = {},
note = {(Accessed on 10/12/2023)}
}

@misc{Adefinit58:online,
author = {},
title = {A definitive explanation to the Hinge Loss for Support Vector Machines. | by Vagif Aliyev | Towards Data Science},
howpublished = {\url{https://towardsdatascience.com/a-definitive-explanation-to-hinge-loss-for-support-vector-machines-ab6d8d3178f1}},
month = {},
year = {},
note = {(Accessed on 10/12/2023)}
}
